<record xmlns="http://www.openarchives.org/OAI/2.0/" xmlns:xsi="http://www.w3.org/2001/XMLSchema-instance"><header><identifier>oai:alma.34CSIC_INST:990013500120204201</identifier><datestamp>2020-02-06T08:40:59Z</datestamp><setSpec>manuscripta</setSpec></header><metadata><record xmlns="http://www.loc.gov/MARC21/slim" xmlns:xsi="http://www.w3.org/2001/XMLSchema-instance" xsi:schemaLocation="http://www.loc.gov/MARC21/slim http://www.loc.gov/standards/marcxml/schema/MARC21slim.xsd"><leader>03838ntm a2200601 i 4500</leader><controlfield tag="005">20181031100338.0</controlfield><controlfield tag="008">100729suuuu                  000 0 ara d</controlfield><controlfield tag="001">990013500120204201</controlfield><datafield tag="035" ind1=" " ind2=" "><subfield code="a">CSIC001350012</subfield></datafield><datafield tag="035" ind1=" " ind2=" "><subfield code="a">(ES-MaCSI)001350012MAD01-Aleph</subfield></datafield><datafield tag="035" ind1=" " ind2=" "><subfield code="a">(OCoLC)1123797895
</subfield></datafield><datafield tag="040" ind1=" " ind2=" "><subfield code="a">ES-MaCSI</subfield><subfield code="b">spa</subfield></datafield><datafield tag="245" ind1="1" ind2="2"><subfield code="a">مجموعة خطب وأحاديث‭</subfield><subfield code="h">[Manuscrito‭]</subfield></datafield><datafield tag="300" ind1=" " ind2=" "><subfield code="a">89 f. (con guarda sólo al final) ;</subfield><subfield code="c">17,5 x 11,2.</subfield></datafield><datafield tag="490" ind1="1" ind2=" "><subfield code="a">Manuscripta</subfield></datafield><datafield tag="546" ind1=" " ind2=" "><subfield code="a">Arabe</subfield><subfield code="b">Escritura magrebí</subfield></datafield><datafield tag="500" ind1=" " ind2=" "><subfield code="a">Título transliterado: Maŷmūʽat juṭab wa-aḥādīṯ</subfield></datafield><datafield tag="500" ind1=" " ind2=" "><subfield code="a">Título facticio</subfield></datafield><datafield tag="500" ind1=" " ind2=" "><subfield code="a">Distribución:</subfield></datafield><datafield tag="500" ind1=" " ind2=" "><subfield code="a">Material: Papel</subfield></datafield><datafield tag="500" ind1=" " ind2=" "><subfield code="a">Tinta: Negra</subfield></datafield><datafield tag="500" ind1=" " ind2=" "><subfield code="a">Características especiales: Texto sin vocalizar</subfield></datafield><datafield tag="500" ind1=" " ind2=" "><subfield code="a">Ilustración: No</subfield></datafield><datafield tag="500" ind1=" " ind2=" "><subfield code="a">Tipo de cuaderno: 11 cuads.: 1 binión, 1 ternión, 6 cuaterniones y 3 quiniones; más 1 folio suelto.</subfield></datafield><datafield tag="500" ind1=" " ind2=" "><subfield code="a">Deterioros: Encuadernación muy deteriorada, se ha perdido la tapa de cierre. - Las tapas están sueltas y los cuadernos descosidos. - Exfoliación del folio 81.</subfield></datafield><datafield tag="500" ind1=" " ind2=" "><subfield code="a">H en blanco: 1 H en blanco: folio 80</subfield></datafield><datafield tag="500" ind1=" " ind2=" "><subfield code="a">H dañadas, mutiladas, sueltas: 3 H sueltas: folios 1, 68 y 81</subfield></datafield><datafield tag="500" ind1=" " ind2=" "><subfield code="a">H faltan o añadidas: No</subfield></datafield><datafield tag="500" ind1=" " ind2=" "><subfield code="a">Foliación: Sin foliación original. Foliación moderna a lápiz hecha por Naima Anahnah (2010)</subfield></datafield><datafield tag="500" ind1=" " ind2=" "><subfield code="a">Reclamos: Reclamos en tinta negra en el margen inferior izquierdo de todos los folios verso</subfield></datafield><datafield tag="500" ind1=" " ind2=" "><subfield code="a">Sign. cuad.: No</subfield></datafield><datafield tag="500" ind1=" " ind2=" "><subfield code="a">Pautado: Punta seca (casi inapreciable)</subfield></datafield><datafield tag="500" ind1=" " ind2=" "><subfield code="a">Filigrana: No</subfield></datafield><datafield tag="563" ind1=" " ind2=" "><subfield code="a">Encuadernación: Cartela con solapa de cierre en piel marrón oscuro sobre cartón, aunque la tapa de cierre se ha perdido. - Las tapas están decoradas con ruedas de hilos; en el rectángulo central mosaico central y flor en las esquinas, todo ello con la técnica del gofrado en seco. - En lo que se conserva del lomo de corte vertical se aprecia una decoración con rueda vertical de flores, mientras que el lomo está liso.</subfield></datafield><datafield tag="541" ind1=" " ind2=" "><subfield code="a">Procedencia: Compra</subfield><subfield code="c">[Familia Granados Montoro]</subfield><subfield code="d">Ingreso: 25 de Julio de 1986</subfield></datafield><datafield tag="500" ind1=" " ind2=" "><subfield code="a">Signatura antigua: Caja 3,7</subfield></datafield><datafield tag="500" ind1=" " ind2=" "><subfield code="a">Anotaciones: Anotación en la tapa principal así como en el verso de la guarda final de una mano distinta a la del copista. - En el interior de la tapa posterior, escrito a lápiz se lee el número 12 que, probablemente, hacía referencia al número de catalogación del volumen antes de su ingreso en la BEEA.</subfield></datafield><datafield tag="581" ind1=" " ind2=" "><subfield code="a">Descripción: No</subfield></datafield><datafield tag="530" ind1=" " ind2=" "><subfield code="a">Otros soportes: No</subfield></datafield><datafield tag="581" ind1=" " ind2=" "><subfield code="a">Edición: No</subfield></datafield><datafield tag="510" ind1=" " ind2="4"><subfield code="a">No</subfield></datafield><datafield tag="520" ind1="2" ind2=" "><subfield code="a">Contenido: Maŷmūʽat juṭab [s. f.] (1v-79v). - Maŷmūʽat aḥādīṯ [s. f.] (81r-89v)</subfield></datafield><datafield tag="650" ind1=" " ind2="7"><subfield code="a">Hadit</subfield><subfield code="v">Manuscritos.</subfield><subfield code="2">CSICAU</subfield></datafield><datafield tag="650" ind1=" " ind2="7"><subfield code="a">Sermones islámicos</subfield><subfield code="v">Manuscritos.</subfield><subfield code="2">CSICAU</subfield></datafield><datafield tag="650" ind1=" " ind2="7"><subfield code="a">Derecho islámico</subfield><subfield code="v">Manuscritos.</subfield><subfield code="2">CSICAU</subfield></datafield><datafield tag="740" ind1="0" ind2=" "><subfield code="a">Maŷmū´at juṭab wa-aḥādīṯ</subfield></datafield><datafield tag="740" ind1="0" ind2=" "><subfield code="a">مجموعة خطب</subfield></datafield><datafield tag="740" ind1="0" ind2=" "><subfield code="a">Maŷmūʽat juṭab</subfield></datafield><datafield tag="740" ind1="0" ind2=" "><subfield code="a">مجموعة أحاديث</subfield></datafield><datafield tag="740" ind1="0" ind2=" "><subfield code="a">Maŷmūʽat aḥādīṯ</subfield></datafield><datafield tag="830" ind1=" " ind2="0"><subfield code="a">Manuscripta</subfield></datafield><datafield tag="856" ind1="4" ind2="1"><subfield code="u">http://aleph.csic.es/imagenes/mad01/0006_PMSC/P_001350012_783531_V00.pdf</subfield><subfield code="z">Descargar Pdf completo (26M)</subfield><subfield code="m">CSIC</subfield></datafield><datafield tag="856" ind1="4" ind2="1"><subfield code="u">http://simurg.bibliotecas.csic.es/viewer/image/CSIC001350012/1/</subfield><subfield code="z">Ver texto completo en SIMURG, el portal de fondos digitalizados del CSIC</subfield><subfield code="m">CSIC</subfield></datafield><datafield tag="856" ind1="4" ind2="1"><subfield code="u">http://aleph.csic.es/imagenes/mad01/0006_PMSC/html/001350012.html</subfield><subfield code="z">Ver texto completo en Bookreader</subfield></datafield></record></metadata></record>